<?xml version="1.0" encoding="UTF-8"?><collection xmlns="http://www.loc.gov/MARC21/slim"><record><leader>00496nam--2200181-u-4500</leader><controlfield tag="001">000052361</controlfield><controlfield tag="002">20161230</controlfield><controlfield tag="005">20161230201050</controlfield><controlfield tag="008">100624s1000------------r-----000-0-rus-d</controlfield><datafield ind1=" " ind2=" " tag="040"><subfield code="a">IFIN-HH</subfield></datafield><datafield ind1=" " ind2=" " tag="041"><subfield code="a">rus</subfield></datafield><datafield ind1=" " ind2=" " tag="080"><subfield code="a">531.3</subfield></datafield><datafield ind1="1" ind2=" " tag="100"><subfield code="a">Kovrinskii, A.E</subfield></datafield><datafield ind1="1" ind2="0" tag="245"><subfield code="a">Kovroudarnie sistemi</subfield><subfield code="b">(Dinamika i ustoicenvosti)</subfield><subfield code="c">A.E. Kovrinskii, A.A. Kovrinskii</subfield></datafield><datafield ind1=" " ind2=" " tag="260"><subfield code="a">Moskva</subfield><subfield code="b">Fiziko-matematiceskoi literaturi</subfield><subfield code="c">1973</subfield></datafield><datafield ind1=" " ind2=" " tag="300"><subfield code="a">591 p</subfield></datafield><datafield ind1=" " ind2=" " tag="852"><subfield code="a">40260</subfield><subfield code="c">531</subfield></datafield><datafield ind1=" " ind2=" " tag="CAT"><subfield code="a">Sys</subfield><subfield code="c">20100624</subfield><subfield code="h">132828</subfield></datafield></record></collection>